% Encoding: UTF-8

@InProceedings{Lamancha2010,
  author    = {Beatriz P{\'{e}}rez Lamancha and Macario Polo Usaola and Mario Piattini Velthuis},
  title     = {A Model Based Testing Approach for Model-Driven Development and Software Product Lines},
  booktitle = {{ENASE} 2010 - Proceedings of the Fifth International Conference on Evaluation of Novel Approaches to Software Engineering, Athens, Greece, July 22-24, 2010},
  year      = {2010},
  pages     = {112--121},
  bibsource = {dblp computer science bibliography, http://dblp.org},
  biburl    = {http://dblp.uni-trier.de/rec/bib/conf/enase/LamanchaUV10},
  crossref  = {DBLP:conf/enase/2010},
  timestamp = {Sat, 14 Sep 2013 16:51:47 +0200},
}

@InProceedings{Jalalinasab2012,
  author    = {Darioush Jalalinasab and Raman Ramsin},
  title     = {{Towards Model-Based Testing Patterns for Enhancing Agile Methodologies}},
  booktitle = {Proceedings of the 11th Conference on New Trends in Software Methodologies, Tools and Techniques},
  series = {SoMeT '12}, 
  address =  {Genoa, Italy},
  year      = {2012},
  pages     = {57--72},
  bibsource = {dblp computer science bibliography, http://dblp.org},
  biburl    = {http://dblp.org/rec/bib/conf/somet/JalalinasabR12},
  doi       = {10.3233/978-1-61499-125-0-57},
  file      = {:Towards Model Based Testing Patterns Agile Methodologies.pdf:PDF},
  timestamp = {Mon, 05 Jun 2017 12:40:32 +0200},
  url       = {https://doi.org/10.3233/978-1-61499-125-0-57},
}
  
  @MastersThesis{Jalalinasab2012b,
    author     =     {Darioush Jalalinasab},
    title     =     {{A Lightweight Approach to Model Based Testing}},
    school     =     {Sharif University of Technoligy},
    address     =     {Iran},
    year     =     {2012},
    }
    
@InProceedings{Mohacsi2015,
  author    = {Stefan Mohacsi and Michael Felderer and Armin Beer},
  title     = {Estimating the Cost and Benefit of Model-Based Testing: {A} Decision Support Procedure for the Application of Model-Based Testing in Industry},
  booktitle = {41st Euromicro Conference on Software Engineering and Advanced Applications, {EUROMICRO-SEAA} 2015, Madeira, Portugal, August 26-28, 2015},
  year      = {2015},
  pages     = {382--389},
  bibsource = {dblp computer science bibliography, http://dblp.org},
  biburl    = {http://dblp.uni-trier.de/rec/bib/conf/euromicro/MohacsiFB15},
  doi       = {10.1109/SEAA.2015.18},
  file      = {:Estimating the Cost and Benefit of MBT A Decision Support Procedure for the Application of MBT in Industry.pdf:PDF},
  timestamp = {Sun, 21 May 2017 00:18:45 +0200},
  url       = {https://doi.org/10.1109/SEAA.2015.18},
}

@InProceedings{Pretschner2005a,
  author    = {A. Pretschner},
  title     = {Model-based Testing in Practice},
  booktitle = {Proceedings of the 2005 International Conference on Formal Methods},
  year      = {2005},
  series    = {FM'05},
  pages     = {537--541},
  address   = {Berlin, Heidelberg},
  publisher = {Springer-Verlag},
  acmid     = {2130057},
  doi       = {10.1007/11526841_37},
  file      = {:Model-Based Testing in Practice - Pretschner 2005.pdf:PDF},
  isbn      = {3-540-27882-6, 978-3-540-27882-5},
  location  = {Newcastle, UK},
  numpages  = {5},
  url       = {http://dx.doi.org/10.1007/11526841_37},
}

@Article{Vegas2005,
  author     = {Sira Vegas and Victor Basili},
  title      = {A Characterisation Schema for Software Testing Techniques},
  journal    = {Empirical Softw. Engg.},
  year       = {2005},
  volume     = {10},
  number     = {4},
  pages      = {437--466},
  month      = oct,
  issn       = {1382-3256},
  acmid      = {1089929},
  address    = {Hingham, MA, USA},
  doi        = {10.1007/s10664-005-3862-1},
  issue_date = {October 2005},
  keywords   = {Software testing, characterisation schema, testing technique selection},
  numpages   = {30},
  publisher  = {Kluwer Academic Publishers},
  url        = {http://dx.doi.org/10.1007/s10664-005-3862-1},
}

@Article{Juristo2004,
  author     = {Natalia Juristo and Ana M. Moreno and Sira Vegas},
  title      = {Reviewing 25 Years of Testing Technique Experiments},
  journal    = {Empirical Softw. Engg.},
  year       = {2004},
  volume     = {9},
  number     = {1-2},
  pages      = {7--44},
  month      = mar,
  issn       = {1382-3256},
  acmid      = {966780},
  address    = {Hingham, MA, USA},
  doi        = {10.1023/B:EMSE.0000013513.48963.1b},
  file       = {:Reviewing 25 Years of Testing Technique Experiments.pdf:PDF},
  issue_date = {March 2004},
  keywords   = {Testing, empirical body of knowledge, testing techniques},
  numpages   = {38},
  publisher  = {Kluwer Academic Publishers},
  url        = {https://doi.org/10.1023/B:EMSE.0000013513.48963.1b},
}

@InProceedings{Birk1997,
  author    = {A. Birk},
  title     = {Modelling the Application Domains of Software Engineering Technologies},
  booktitle = {Proceedings of the 12th International Conference on Automated Software Engineering (Formerly: KBSE)},
  year      = {1997},
  series    = {ASE '97},
  pages     = {291--},
  address   = {Washington, DC, USA},
  publisher = {IEEE Computer Society},
  acmid     = {786794},
  file      = {:Modelling the application domains of software engineering technologies.pdf:PDF},
  isbn      = {0-8186-7961-1},
  keywords  = {application domain modelling, improvement program planning, software development practices, software engineering technologies, software project planning, software reusability, systematic software engineering technology reuse},
  url       = {http://dl.acm.org/citation.cfm?id=786767.786794},
}

@Article{Maiden1996,
  author    = {N.A.M. Maiden and G. Rugg},
  title     = {ACRE: selecting methods for requirements acquisition},
  journal   = {Software Engineering Journal},
  year      = {1996},
  volume    = {11},
  pages     = {183-192(9)},
  month     = {May},
  issn      = {0268-6961},
  copyright = {Â© The Institution of Electrical Engineers},
  file      = {:ACRE selecting methods for requirements acquisition.pdf:PDF},
  issue     = {3},
  language  = {English},
  url       = {http://digital-library.theiet.org/content/journals/10.1049/sej.1996.0024},
}

@InProceedings{Vegas2004,
  author    = {Vegas, S.},
  title     = {Identifying the Relevant Information for Software Testing Technique Selection},
  booktitle = {Proceedings of the 2004 International Symposium on Empirical Software Engineering},
  year      = {2004},
  series    = {ISESE '04},
  pages     = {39--48},
  address   = {Washington, DC, USA},
  publisher = {IEEE Computer Society},
  acmid     = {1021564},
  doi       = {10.1109/ISESE.2004.21},
  file      = {:Identifying the Relevant Information for Software Testing Technique Selection.pdf:PDF},
  isbn      = {0-7695-2165-7},
  numpages  = {10},
  url       = {http://dx.doi.org/10.1109/ISESE.2004.21},
}

@Article{Dias-Neto2009,
  author     = {Arilo Claudio Dias-Neto and Guilherme Horta Travassos},
  title      = {Model-based Testing Approaches Selection for Software Projects},
  journal    = {Inf. Softw. Technol.},
  year       = {2009},
  volume     = {51},
  number     = {11},
  pages      = {1487--1504},
  month      = nov,
  issn       = {0950-5849},
  acmid      = {1609711},
  address    = {Newton, MA, USA},
  doi        = {10.1016/j.infsof.2009.06.010},
  file       = {:Model-based testing approaches selection for software projects.pdf:PDF},
  issue_date = {November, 2009},
  keywords   = {Experimental studies, Model-based testing, Software technologies selection, Software testing},
  numpages   = {18},
  publisher  = {Butterworth-Heinemann},
  url        = {http://dx.doi.org/10.1016/j.infsof.2009.06.010},
}

@Article{Dias-Neto2014,
  author  = {Arilo Claudio Dias-Neto and Guilherme Horta Travassos},
  title   = {Supporting the Combined Selection of Model-Based Testing Techniques},
  journal = {IEEE Transactions on Software Engineering},
  year    = {2014},
  volume  = {40},
  file    = {:Supporting the Combined Selection of MBT Techniques.pdf:PDF},
}

@Article{Utting2012,
  author     = {Mark Utting and Alexander Pretschner and Bruno Legeard},
  title      = {{A Taxonomy of Model-based Testing Approaches}},
  journal    = {Software Testing, Verification \& Reliability},
  year       = {2012},
  volume     = {22},
  number     = {5},
  pages      = {297--312},
  issn       = {0960-0833},
  acmid      = {2344870},
  address    = {Chichester, UK},
  doi        = {10.1002/stvr.456},
  file       = {:A Taxonomy of Model-Based Testing 2012.pdf:PDF},
  issue_date = {August 2012},
  keywords   = {model-based testing approaches, survey, taxonomy},
  numpages   = {16},
  publisher  = {John Wiley and Sons Ltd.},
  url        = {http://dx.doi.org/10.1002/stvr.456},
}

@InProceedings{Dalal1999,
  author    = {S. R. Dalal and A. Jain and N. Karunanithi and J. M. Leaton and C. M. Lott and G. C. Patton and B. M. Horowitz},
  title     = {{Model-based Testing in Practice}},
  booktitle = {Proceedings of the 21st International Conference on Software Engineering},
  year      = {1999},
  series    = {ICSE '99},
  pages     = {285--294},
  address   = {New York, NY, USA},
  publisher = {ACM},
  acmid     = {302640},
  doi       = {10.1145/302405.302640},
  file      = {:Model-Based Testing in Practice - Dalal 1999.pdf:PDF},
  isbn      = {1-58113-074-0},
  keywords  = {AETG software system, automatic test generation, model-based testing},
  location  = {Los Angeles, California, USA},
  numpages  = {10},
  url       = {http://doi.acm.org/10.1145/302405.302640},
}

@Book{Utting2007,
  title     = {Practical Model-Based Testing: A Tools Approach},
  publisher = {Morgan Kaufmann Publishers Inc.},
  year      = {2007},
  author    = {Utting, Mark and Legeard, Bruno},
  address   = {San Francisco, CA, USA},
  isbn      = {0123725011, 9780080466484},
}

@InProceedings{Guldali2010,
  author    = {B. G\"{u}ldali and M. Mlynarski and Y. Sancar},
  title     = {{Effort Comparison for Model-Based Testing Scenarios}},
  booktitle = {2010 Third International Conference on Software Testing, Verification, and Validation Workshops},
  year      = {2010},
  pages     = {28-36},
  month     = {April},
  doi       = {10.1109/ICSTW.2010.15},
  file      = {:Effort Comparison for Model-based Testing Scenarios.pdf:PDF},
  keywords  = {program testing;GQM-based approach;goal-question-metric;model-based testing;test models;testing scenarios;Automatic testing;Automation;Character generation;Concrete;Redundancy;Software measurement;Software quality;Software testing;System testing;Taxonomy;Goal-Question-Metric;Model-based testing;measurement model;test management;test models},
}

@Article{Mlynarski2012,
  author    = {Michael Mlynarski and Baris G\"{u}ldali and Stephan WeiÃleder and Gregor Engels},
  title     = {Model-Based Testing: Achievements and Future Challenges},
  journal   = {Advances in Computers},
  year      = {2012},
  volume    = {86},
  pages     = {1-39},
  added-at  = {2012-08-13T00:00:00.000+0200},
  biburl    = {https://www.bibsonomy.org/bibtex/24d0a4316ad55ed3fea6bc9ff2e0dd406/dblp},
  ee        = {http://dx.doi.org/10.1016/B978-0-12-396535-6.00001-6},
  interhash = {924357870f6b9dd7087a01875a2e2b14},
  intrahash = {4d0a4316ad55ed3fea6bc9ff2e0dd406},
  keywords  = {dblp},
  timestamp = {2012-08-14T11:32:59.000+0200},
  url       = {http://dblp.uni-trier.de/db/journals/ac/ac86.html#MlynarskiGWE12},
}

@InBook{Pretschner2005b,
  pages     = {281--291},
  title     = {Methodological Issues in Model-Based Testing},
  publisher = {Springer Berlin Heidelberg},
  year      = {2005},
  author    = {Alexander Pretschner and Jan Philipps},
  address   = {Berlin, Heidelberg},
  isbn      = {978-3-540-32037-1},
  booktitle = {Model-Based Testing of Reactive Systems: Advanced Lectures},
  doi       = {10.1007/11498490_13},
  file      = {:Model Based Testing of Reactive Systems.pdf:PDF},
  url       = {https://doi.org/10.1007/11498490_13},
}

@INCOLLECTION{Basili1994,
  author = {Victor R. Basili and Gianluigi Caldiera and H. Dieter Rombach},
  title = {The Goal Question Metric Approach},
  booktitle = {Encyclopedia of Software Engineering},
  publisher = {Wiley},
  year = {1994}
}

@PhdThesis{VEGAS2002,
  author = {SIRA VEGAS},
  title  = {CHARACTERISATION SCHEMA FOR SELECTING SOFTWARE TESTING TECHNIQUES},
  school = {UNIVERSIDAD POLITÃCNICA DE MADRID},
  year   = {2002},
  file   = {:Characterisation Schema for Software Testing Techniques - PhD Thesis.pdf:PDF},
}

@Article{Hierons2009,
  author     = {Robert M. Hierons and Kirill Bogdanov and Jonathan P. Bowen and Rance Cleaveland and John Derrick and Jeremy Dick and Marian Gheorghe and Mark Harman and Kalpesh Kapoor and Paul Krause and Gerald LÃ¼ttgen and Anthony J. H. Simons and Sergiy Vilkomir and Martin R. Woodward and and Hussein Zedan},
  title      = {{Using Formal Specifications to Support Testing}},
  journal    = {ACM Comput. Surv.},
  year       = {2009},
  volume     = {41},
  number     = {2},
  pages      = {9:1--9:76},
  issn       = {0360-0300},
  acmid      = {1459354},
  address    = {New York, NY, USA},
  articleno  = {9},
  doi        = {10.1145/1459352.1459354},
  file       = {:Using Formal Specifications to Support Testing.pdf:PDF},
  issue_date = {February 2009},
  keywords   = {Software testing, formal methods},
  numpages   = {76},
  publisher  = {ACM},
  url        = {http://doi.acm.org/10.1145/1459352.1459354},
}

@MastersThesis{Puolitaival2008,
  author = {Olli-Pekka Puolitaival},
  title  = {Adapting model based testing to agile context},
  school = {University of Oulu},
  year   = {2008},
  file   = {:Adapting model-based testing to agile context.pdf:PDF},
}

@Article{Black2009,
  author  = {Sue Black and Paul P. Boca and Jonathan P. Bowen and Jason Gorman and Mike Hinchey.},
  title   = {Formal versus agile: Survival of the fittest},
  journal = {Computer},
  year    = {2009},
  volume  = {42},
  pages   = {37-45},
  file    = {:Formal versus agile Survival of the fittest.pdf:PDF},
}

@InProceedings{Katara2006,
  author    = {Mika Katara and Antti Kervinen},
  title     = {{Making Model-based Testing More Agile: A Use Case Driven Approach}},
  booktitle = {Proceedings of the 2nd International Haifa Verification Conference on Hardware and Software, Verification and Testing},
  year      = {2007},
  series    = {HVC '06},
  pages     = {219--234},
  address   = {Berlin, Heidelberg},
  publisher = {Springer-Verlag},
  acmid     = {1763238},
  file      = {:Making Model-Based Testing More Agile a use case driven approach.pdf:PDF},
  isbn      = {978-3-540-70888-9},
  location  = {Haifa, Israel},
  numpages  = {16},
  url       = {http://dl.acm.org/citation.cfm?id=1763218.1763238},
}

@InProceedings{Rumpe2006,
  author    = {Bernhard Rumpe},
  title     = {{Agile Test-based Modeling}},
  booktitle = {Proceedings of the 2006 International Conference on Software Engineering Research \& Practice},
  series = {SERP '06},
  year      = {2006},
  file      = {:agile test based modelling.pdf:PDF},
}

@Article{Farago2010a,
  author  = {David Farag{\'{o}}},
  title   = {{Model-based Testing in Agile Software Development}},
  journal = {30. Treffen der GI-Fachgruppe Test, Analyse \& Verifikation von Software (TAV), Testing Meets Agility},
  year    = {2010},
}

@InProceedings{Farago2010b,
  author    = {David Farag{\'{o}}},
  title     = {{Improved Underspecification for Model-based Testing in Agile Development}},
  booktitle = {Proceedign of the 2nd International Workshop on Formal Methods and Agile Methods},
  series = {{FM+AM} '10},
  year      = {2010}, 
  pages     = {63--78},
  bibsource = {dblp computer science bibliography, http://dblp.org},
  biburl    = {http://dblp.uni-trier.de/rec/bib/conf/fmam/Farag10},
  timestamp = {Tue, 15 Mar 2016 11:26:11 +0100},
  url       = {http://subs.emis.de/LNI/Proceedings/Proceedings179/article6224.html},
  address = {Pisa, Italy},
}

@InProceedings{Dias-Neto2007,
  author    = {Arilo C. Dias-Neto and Rajesh Subramanyan and Marlon Vieira and Guilherme H. Travassos},
  title     = {A Survey on Model-based Testing Approaches: A Systematic Review},
  booktitle = {Proceedings of the 1st ACM International Workshop on Empirical Assessment of Software Engineering Languages and Technologies: Held in Conjunction with the 22Nd IEEE/ACM International Conference on Automated Software Engineering (ASE) 2007},
  year      = {2007},
  series    = {WEASELTech '07},
  pages     = {31--36},
  address   = {New York, NY, USA},
  publisher = {ACM},
  acmid     = {1353681},
  doi       = {10.1145/1353673.1353681},
  file      = {:A survey on model-based testing approaches a systematic review 2007.pdf:PDF},
  isbn      = {978-1-59593-880-0},
  keywords  = {model-based testing, survey, systematic review, test case generation, testing approaches},
  location  = {Atlanta, Georgia},
  numpages  = {6},
  url       = {http://doi.acm.org/10.1145/1353673.1353681},
}

@Article{Nooraei2016,
  author  = {Maryam Nooraei Abadeh and Seyed-Hassan Mirian-Hosseinabadi},
  title   = {Model Driven Regression Testing Pattern for Enhancing Agile Release Management},
  journal = {International Journal of Computer Science and Information Security (IJCSIS)},
  year    = {2016},
  volume  = {14},
  number  = {3},
  pages   = {313-333},
  month   = mar,
  issn    = {1947-5500},
  file    = {:A Model Driven Regression Testing Pattern for enhancing agile release management.pdf:PDF},
}

@InBook{Rumpe2003,
  pages     = {380--402},
  title     = {Model-Based Testing of Object-Oriented Systems},
  publisher = {Springer Berlin Heidelberg},
  year      = {2003},
  author    = {Bernhard Rumpe},
  editor    = {Frank S. de Boer and Marcello M. Bonsangue and Susanne Graf and Willem-Paul de Roever},
  address   = {Berlin, Heidelberg},
  isbn      = {978-3-540-39656-7},
  booktitle = {Formal Methods for Components and Objects: First International Symposium, FMCO 2002, Leiden, The Netherlands, November 5-8, 2002, Revised Lectures},
  doi       = {10.1007/978-3-540-39656-7_16},
  file      = {:Model-based Testing of Object-Oriented Systems.pdf:PDF},
  url       = {https://doi.org/10.1007/978-3-540-39656-7_16},
}

@TechReport{Vuori2014,
  author      = {Matti Vuori},
  title       = {{Model-based testing in modern agile software development â How to integrate it into the development process?}},
  institution = {ATAC},
  year        = {2014},
  file        = {:Model-based testing in modern agile software development - ITEA 2 - 2014.pdf:PDF},
}

@Misc{FitNesse,
  author  = {Robert C. Martin and Micah D. Martin and and Patrick Wilson-Welsh.},
  title   = {{FitNesse - Acceptance Testing Framework}},
  year    = {2008},
  comment = {last visited: 23 April 2018},
  url     = {http://fitnesse.org/},
}

@Article{Loffler2010,
  author  = {Renate L{\"o}ffler and Baris G{\"u}ldali and Silke Geisen},
  title   = {{Towards Model-based Acceptance Testing for Scrum}},
  journal = {Softwaretechnik-Trends},
  year    = {2010},
  volume  = {30},
  number  = {3},
  file    = {:Towards Model-based Acceptance Testing for Scrum.pdf:PDF},
}

@Article{BerÅowski2016,
  author   = {JarosÅaw BerÅowski and Patryk ChruÅciel and Marcin Kasprzyk and Iwona Konaniec and Marian Jureczko},
  title    = {Highly Automated Agile Testing Process: An Industrial Case Study},
  journal  = {e-Informatica Software Engineering Journal},
  year     = {2016},
  volume   = {10},
  number   = {1},
  pages    = {69--87},
  doi      = {10.5277/e-Inf160104},
  file     = {:Highly Automated Agile Testing Process An Industrial case study.pdf:PDF},
  keywords = {software engineering, testing process, agile software development, case study},
}

@Article{Allaoui2017,
  author   = {Meryem El Allaoui and Khalid Nafil and Raja Touahni},
  title    = {Introducing Model-Driven Testing in Scrum Process Using U2TP and AndroMDA},
  journal  = {International Review on Computers and Software (IRECOS)},
  year     = {2017},
  volume   = {12},
  number   = {1},
  issn     = {1828-6011},
  file     = {:Introducing Model-Driven Testing in Scrum Process Using U2TP and AndroMDA.pdf:PDF},
  keywords = {MDA (Model Driven Architecture); Scrum; U2TP (UML 2.0 Testing Profile); UML (Unified Modeling Language)},
  url      = {http://www.praiseworthyprize.org/jsm/index.php?journal=irecos&page=article&op=view&path%5B%5D=20142},
}

@InProceedings{Elallaoui2015,
  author    = {M. Elallaoui and K. Nafil and R. Touahni},
  title     = {{Automatic generation of UML sequence diagrams from user stories in Scrum process}},
  booktitle = {Proceedings of the 10th International Conference on Intelligent Systems: Theories and Applications},
  series = {SITA '15},
  year      = {2015},
  pages     = {1--6},
  doi       = {10.1109/SITA.2015.7358415},
  keywords  = {Unified Modeling Language;XML;software prototyping;Eclipse;SDK plugin;Scrum process;UML model creation;UML2 tool;XMI file;automatic sequence diagram generation;test case generation;text file;user stories;Algorithm design and analysis;Natural language processing;Object oriented modeling;Receivers;Software;Unified modeling language;scrum;sequence diagram;user stories},
}

@Misc{OCL,
  author = {The Object Management Group},
  title  = {{The Object Constraint Language (OCL)}},
  year   = {2015},
  url    = {\url{https://www.omg.org/spec/OCL/}},
}

@Misc{UML2TP,
  author = {The Object Management Group},
  title  = {{UML Testing Profile (UTP)}},
  year   = {2013},
  url    = {\url{http://www.omg.org/spec/UTP /1.2/PDF}},
}

@Misc{TestNG,
   author = {{TestNG}},
  title = {\url{http://testng.org/doc/index.html/}},
}

@Misc{Alloy,
   author = {{Alloy}},
  title = {\url{http://alloytools.org/}},
}

@Misc{EMF,
   author = {{Eclipse Modeling Framework (EMF)}},
  title = {\url{https://www.eclipse.org/modeling/emf/}},
}

@InProceedings{Elallaoui2016,
  author    = {M. Elallaoui and K. Nafil and R. Touahni},
  title     = {{Automatic generation of TestNG tests cases from UML sequence diagrams in Scrum process}},
  booktitle = {Proceedings of the 4th IEEE International Colloquium on Information Science and Technology},
  series={CiSt '16},
  year      = {2016},
  pages     = {65-70},
  month     = {Oct},
  doi       = {10.1109/CIST.2016.7804972},
  keywords  = {Unified Modeling Language;diagrams;program testing;public domain software;software prototyping;AndroMDA;Scrum process;TestNG tests case automatic generation;UML sequence diagrams;agile development life cycle;model-model transformation;model-text transformation;open source MDA framework;software testing;Adaptation models;Documentation;Java;Machine-to-machine communications;Software;Testing;Unified modeling language;MDA;Model-Driven Testing;U2TP;UML 2},
}

@InProceedings{Kettunen2010,
  author    = {Vesa Kettunen and Jussi Kasurinen and Ossi Taipale and and Kari Smolander},
  title     = {A Study on Agility and Testing Processes in Software Organizations},
  booktitle = {Proceedings of the 19th International Symposium on Software Testing and Analysis},
  year      = {2010},
  series    = {ISSTA '10},
  pages     = {231--240},
  address   = {New York, NY, USA},
  publisher = {ACM},
  acmid     = {1831737},
  doi       = {10.1145/1831708.1831737},
  isbn      = {978-1-60558-823-0},
  keywords  = {agile development, case study, empirical study, test process},
  location  = {Trento, Italy},
  numpages  = {10},
  url       = {http://doi.acm.org/10.1145/1831708.1831737},
}

@Article{Grieskamp2011,
  author     = {Wolfgang Grieskamp and Nicolas Kicillof and Keith Stobie and Victor Braberman},
  title      = {Model-based Quality Assurance of Protocol Documentation: Tools and Methodology},
  journal    = {Softw. Test. Verif. Reliab.},
  year       = {2011},
  volume     = {21},
  number     = {1},
  pages      = {55--71},
  month      = mar,
  issn       = {0960-0833},
  acmid      = {1952605},
  address    = {Chichester, UK},
  doi        = {10.1002/stvr.427},
  issue_date = {March 2011},
  keywords   = {Spec Explorer, model-based, protocols, quality assurance process, test-driven},
  numpages   = {17},
  publisher  = {John Wiley and Sons Ltd.},
  url        = {http://dx.doi.org/10.1002/stvr.427},
}

@InProceedings{Klas2015,
  author    = {Michael Kl\"{a}s and Thomas Bauer and Andreas Dereani and Thomas S\"{o}derqvist and Philipp Helle},
  title     = {A Large-scale Technology Evaluation Study: Effects of Model-based Analysis and Testing},
  booktitle = {Proceedings of the 37th International Conference on Software Engineering - Volume 2},
  year      = {2015},
  series    = {ICSE '15},
  pages     = {119--128},
  address   = {Piscataway, NJ, USA},
  publisher = {IEEE Press},
  acmid     = {2819029},
  file      = {:A Large-Scale Technology Evaluation Study Effects of Model-based Analysis and Testing.pdf:PDF},
  keywords  = {GQM+Strategies, embedded software quality assurance, empirical study, internal baselines, model-based testing, multiple case study, quantitative technology evaluation},
  location  = {Florence, Italy},
  numpages  = {10},
  url       = {http://dl.acm.org/citation.cfm?id=2819009.2819029},
}

@InCollection{Tretmans2008,
  author    = {Jan Tretmans},
  title     = {{Formal Methods and Testing}},
  publisher = {Springer-Verlag},
  year      = {2008},
  editor    = {Robert M. Hierons and Jonathan P. Bowen and Mark Harman},
  chapter   = {Model Based Testing with Labelled Transition Systems},
  pages     = {1--38},
  address   = {Berlin, Heidelberg},
  isbn      = {3-540-78916-2, 978-3-540-78916-1},
  acmid     = {1806210},
  numpages  = {38},
  url       = {http://dl.acm.org/citation.cfm?id=1806209.1806210},
}

@Book{Schwaber2001,
  title     = {Agile Software Development with Scrum},
  publisher = {Prentice Hall PTR},
  year      = {2001},
  author    = {Ken Schwaber and Mike Beedle},
  address   = {Upper Saddle River, NJ, USA},
  edition   = {1st},
  isbn      = {0130676349},
}

@Misc{UML2,
  author = {OMG},
  title  = {{Unified Modeling Language (UML) Version 2.0}},
  year   = {2005},
  url    = {http://www.omg.org/spec/UML/2.0/},
}

@Article{Elallaoui2017,
  author  = {Meryem Elallaoui and Khalid Nafil and Raja Touahni},
  title   = {{Introducing Model-Driven Testing in Scrum Process Using U2TP and AndroMDA}},
  journal = {International Review on Computers and Software (I.RE.CO.S.)},
  year    = {2017},
  volume  = {12},
  number  = {1},
  pages   = {30-39},
  issn    = {1828-6003},
}

@Book{Ambler2002,
  title     = {Agile Modeling: Effective Practices for eXtreme Programming and the Unified Process},
  publisher = {John Wiley \& Sons, Inc.},
  year      = {2002},
  author    = {Scott Ambler},
  address   = {New York, NY, USA},
  isbn      = {047127190X},
}

@Book{Clements2001,
  title     = {Software Product Lines: Practices and Patterns},
  publisher = {Addison-Wesley Longman Publishing Co., Inc.},
  year      = {2001},
  author    = {P. Clements and L. Northrop},
  address   = {Boston, MA, USA},
  isbn      = {0-201-70332-7},
}

@TechReport{McGregor2001,
  author      = {John D. McGregor},
  title       = {Testing a Software Product Line},
  institution = {SEI},
  year        = {2001},
  file        = {:Testing a Software Product Line.pdf:PDF},
}

@Article{Damiani2017,
  author  = {Ferruccio Damiani and David Faitelson and Christoph Gladisch and Shmuel Tyszberowicz},
  title   = {A novel model-based testing approach for software product lines},
  journal = {Software {\&} Systems Modeling},
  year    = {2017},
  volume  = {16},
  number  = {4},
  pages   = {1223--1251},
  month   = {Oct},
  issn    = {1619-1374},
  day     = {01},
  doi     = {10.1007/s10270-016-0516-2},
  url     = {https://doi.org/10.1007/s10270-016-0516-2},
}

@InProceedings{Schaefer2010,
  author    = {Ina Schaefer and Lorenzo Bettini and Ferruccio Damiani and Nico Tanzarella},
  title     = {Delta-oriented Programming of Software Product Lines},
  booktitle = {Proceedings of the 14th International Conference on Software Product Lines: Going Beyond},
  year      = {2010},
  series    = {SPLC'10},
  pages     = {77--91},
  address   = {Berlin, Heidelberg},
  publisher = {Springer-Verlag},
  acmid     = {1885647},
  isbn      = {3-642-15578-2, 978-3-642-15578-9},
  location  = {Jeju Island, South Korea},
  numpages  = {15},
  url       = {http://dl.acm.org/citation.cfm?id=1885639.1885647},
}

@Article{Faitelson2011,
  author  = {David Faitelson and Shmuel Tyszberowicz},
  title   = {Data refinement based testing},
  journal = {International Journal of System Assurance Engineering and Management},
  year    = {2011},
  volume  = {2},
  number  = {2},
  pages   = {144--154},
  month   = {Jun},
  issn    = {0976-4348},
  day     = {01},
  doi     = {10.1007/s13198-011-0060-y},
  url     = {https://doi.org/10.1007/s13198-011-0060-y},
}

@InProceedings{Lee2012,
  author    = {Jihyun Lee and Sungwon Kang and Danhyung Lee},
  title     = {A Survey on Software Product Line Testing},
  booktitle = {Proceedings of the 16th International Software Product Line Conference - Volume 1},
  year      = {2012},
  series    = {SPLC '12},
  pages     = {31--40},
  address   = {New York, NY, USA},
  publisher = {ACM},
  acmid     = {2362545},
  doi       = {10.1145/2362536.2362545},
  file      = {:A Survey on Software Product Line Testing.pdf:PDF},
  isbn      = {978-1-4503-1094-9},
  keywords  = {software product line engineering, software product line testing, software testing},
  location  = {Salvador, Brazil},
  numpages  = {10},
  url       = {http://doi.acm.org/10.1145/2362536.2362545},
}

@Article{Razak2016,
  author  = {Mohd Adham Bin Isa and Safwan Bin Abdul Razak and Dayang Norhayati Bte Abang Jawawi and Ong Liang Fuh},
  title   = {Model-Based Testing for Software Product Line: A Systematic Literature Review},
  journal = {International Journal of Software Engineering and Technology Journal Website:},
  year    = {2016},
  volume  = {2},
  number  = {2},
  file    = {:Model-Based Testing for Software Product Line A Systematic Literature Review.pdf:PDF},
}

@InBook{Lamancha2013,
  pages     = {58--71},
  title     = {Systematic Review on Software Product Line Testing},
  publisher = {Springer Berlin Heidelberg},
  year      = {2013},
  author    = {Beatriz P{\'e}rez Lamancha and Macario Polo and Mario Piattini},
  editor    = {Cordeiro, Jos{\'e} and Virvou, Maria and Shishkov, Boris},
  address   = {Berlin, Heidelberg},
  isbn      = {978-3-642-29578-2},
  doi       = {10.1007/978-3-642-29578-2_4},
  url       = {https://doi.org/10.1007/978-3-642-29578-2_4},
}

@InBook{Reuys2005,
  pages     = {519--534},
  title     = {Model-Based System Testing of Software Product Families},
  publisher = {Springer Berlin Heidelberg},
  year      = {2005},
  author    = {Andreas Reuys and Erik Kamsties and Klaus Pohl and Sacha Reis},
  editor    = {Pastor, Oscar and Falc{\~a}o e Cunha, Jo{\~a}o},
  address   = {Berlin, Heidelberg},
  isbn      = {978-3-540-32127-9},
  booktitle = {Advanced Information Systems Engineering: 17th International Conference, CAiSE 2005, Porto, Portugal, June 13-17, 2005. Proceedings},
  doi       = {10.1007/11431855_36},
  url       = {https://doi.org/10.1007/11431855_36},
}

@InProceedings{Kolb2003,
  author    = {Ronny Kolb},
  title     = {A Risk-Driven Approach for Efficiently Testing Software Product Lines},
  booktitle = {2nd Int'l Conference on Generative Programming and Component Engineering},
  year      = {2003},
  file      = {:A Risk-Driven Approach for Efficiently Testing Software Product.pdf:PDF},
}

@InBook{Bertolino2004,
  pages     = {181--197},
  title     = {PLUTO: A Test Methodology for Product Families},
  publisher = {Springer Berlin Heidelberg},
  year      = {2004},
  author    = {Antonia Bertolino and Stefania Gnesi},
  editor    = {van der Linden, Frank J.},
  address   = {Berlin, Heidelberg},
  isbn      = {978-3-540-24667-1},
  booktitle = {Software Product-Family Engineering: 5th International Workshop, PFE 2003, Siena, Italy, November 4-6, 2003. Revised Papers},
  doi       = {10.1007/978-3-540-24667-1_14},
  file      = {:PLUTO A Test Methodology for Product Families.pdf:PDF},
  url       = {https://doi.org/10.1007/978-3-540-24667-1_14},
}

@InBook{Nebut2004,
  pages     = {198--210},
  title     = {A Requirement-Based Approach to Test Product Families},
  publisher = {Springer Berlin Heidelberg},
  year      = {2004},
  author    = {Cl{\'e}mentine Nebut and Franck Fleurey and Yves Le Traon and Jean-Marc J{\'e}z{\'e}quel},
  editor    = {van der Linden, Frank J.},
  address   = {Berlin, Heidelberg},
  isbn      = {978-3-540-24667-1},
  booktitle = {Software Product-Family Engineering: 5th International Workshop, PFE 2003, Siena, Italy, November 4-6, 2003. Revised Papers},
  doi       = {10.1007/978-3-540-24667-1_15},
  url       = {https://doi.org/10.1007/978-3-540-24667-1_15},
}

@InBook{Kamsties2004,
  pages     = {6--18},
  title     = {Testing Variabilities in Use Case Models},
  publisher = {Springer Berlin Heidelberg},
  year      = {2004},
  author    = {Erik Kamsties and Klaus Pohl and Sacha Reis and Andreas Reuys},
  editor    = {van der Linden, Frank J.},
  address   = {Berlin, Heidelberg},
  isbn      = {978-3-540-24667-1},
  booktitle = {Software Product-Family Engineering: 5th International Workshop, PFE 2003, Siena, Italy, November 4-6, 2003. Revised Papers},
  doi       = {10.1007/978-3-540-24667-1_2},
  file      = {:Testing Variabilities in Use Case Models.pdf:PDF},
  url       = {https://doi.org/10.1007/978-3-540-24667-1_2},
}

@Article{Hartmann2005,
  author  = {Jean Hartmann and Marlon Vieira and Herbert Foster and Axel Ruder},
  title   = {A UML-based approach to system testing},
  journal = {Innovations in Systems and Software Engineering},
  year    = {2005},
  volume  = {1},
  number  = {1},
  pages   = {12--24},
  month   = {Apr},
  issn    = {1614-5054},
  day     = {01},
  doi     = {10.1007/s11334-005-0006-0},
  url     = {https://doi.org/10.1007/s11334-005-0006-0},
}

@InBook{Geppert2004,
  pages     = {35--48},
  title     = {Towards Generating Acceptance Tests for Product Lines},
  publisher = {Springer Berlin Heidelberg},
  year      = {2004},
  author    = {Birgit Geppert and Jenny Li and Frank R{\"o}{\ss}ler and David M. Weiss},
  editor    = {Bosch, Jan and Krueger, Charles},
  address   = {Berlin, Heidelberg},
  isbn      = {978-3-540-27799-6},
  doi       = {10.1007/978-3-540-27799-6_4},
  url       = {https://doi.org/10.1007/978-3-540-27799-6_4},
}

@InBook{Kishi2005,
  pages     = {150--161},
  title     = {Design Verification for Product Line Development},
  publisher = {Springer Berlin Heidelberg},
  year      = {2005},
  author    = {Tomoji Kishi and Natsuko Noda and Takuya Katayama},
  editor    = {Obbink, Henk and Pohl, Klaus},
  address   = {Berlin, Heidelberg},
  isbn      = {978-3-540-32064-7},
  booktitle = {Software Product Lines: 9th International Conference, SPLC 2005, Rennes, France, September 26-29, 2005. Proceedings},
  doi       = {10.1007/11554844_18},
  url       = {https://doi.org/10.1007/11554844_18},
}

@Article{Cohen1997,
  author     = {David M. Cohen and Siddhartha R. Dalal and Michael L. Fredman and Gardner C. Patton},
  title      = {The AETG System: An Approach to Testing Based on Combinatorial Design},
  journal    = {IEEE Trans. Softw. Eng.},
  year       = {1997},
  volume     = {23},
  number     = {7},
  pages      = {437--444},
  month      = jul,
  issn       = {0098-5589},
  acmid      = {264150},
  address    = {Piscataway, NJ, USA},
  doi        = {10.1109/32.605761},
  file       = {:The AETG System An Approach to Testing Based on Combinatorial Design.pdf:PDF},
  issue_date = {July 1997},
  keywords   = {Testing, combinatorial designs, experimental designs, orthogonal arrays.},
  numpages   = {8},
  publisher  = {IEEE Press},
  url        = {http://dx.doi.org/10.1109/32.605761},
}

@Article{Neto2011,
  author   = {Paulo Anselmo da Mota Silveira Neto and Ivan do Carmo Machado and John D. McGregor and Eduardo Santana de Almeida and Silvio Romero de Lemos Meira},
  title    = {A systematic mapping study of software product lines testing},
  journal  = {Information and Software Technology},
  year     = {2011},
  volume   = {53},
  number   = {5},
  pages    = {407 - 423},
  issn     = {0950-5849},
  note     = {Special Section on Best Papers from XP2010},
  doi      = {https://doi.org/10.1016/j.infsof.2010.12.003},
  file     = {:A systematic mapping study of software product lines testing.pdf:PDF},
  keywords = {Software product lines, Software testing, Mapping study},
  url      = {http://www.sciencedirect.com/science/article/pii/S0950584910002193},
}

@InProceedings{Scheidemann2006,
  author    = {Kathrin D. Scheidemann},
  title     = {Optimizing the Selection of Representative Configurations in Verification of Evolving Product Lines of Distributed Embedded Systems},
  booktitle = {Proceedings of the 10th International on Software Product Line Conference},
  year      = {2006},
  series    = {SPLC '06},
  pages     = {75--84},
  address   = {Washington, DC, USA},
  publisher = {IEEE Computer Society},
  acmid     = {1158681},
  isbn      = {0-7695-2599-7},
  numpages  = {10},
  url       = {http://dl.acm.org/citation.cfm?id=1158337.1158681},
}

@PhdThesis{Olimpiew2008b,
  author = {Erika Olimpiew},
  title  = {Model-Based Testing for Software Product Lines},
  school = {George Mason University},
  year   = {2008},
  file   = {:Model-Based Testing for Software Product Lines.pdf:PDF},
}

@InProceedings{Olimpiew2008a,
  author    = {Erika Mir Olimpiew and Hassan Gomaa},
  title     = {Model-based Test Design for Software Product Lines},
  booktitle = {SPLC},
  year      = {2008},
  pages     = {173-178},
}

@InProceedings{Lackner2014,
  author    = {H. Lackner and M. Thomas and F. Wartenberg and S. WeiÃleder},
  title     = {Model-Based Test Design of Product Lines: Raising Test Design to the Product Line Level},
  booktitle = {2014 IEEE Seventh International Conference on Software Testing, Verification and Validation},
  year      = {2014},
  pages     = {51-60},
  month     = {March},
  doi       = {10.1109/ICST.2014.16},
  issn      = {2159-4848},
  keywords  = {program testing;quality assurance;software product lines;software quality;automated model-based test design;chain SPLTestbench tool;high-quality products;model-based test design;product line level design;system quality assurance techniques;test generation approach;Biological system modeling;Credit cards;Quality assurance;Security;Standards;Testing;Unified modeling language;Domain Level Testing;Model-Based Testing;Quality Assurance;Software Product Lines;Software Reuse;Software Testing},
}

@InProceedings{Gomaa2006,
  author    = {H. Gomaa},
  title     = {Designing Software Product Lines with UML 2.0: From Use Cases to Pattern-Based Software Architectures},
  booktitle = {10th International Software Product Line Conference (SPLC'06)},
  year      = {2006},
  pages     = {218-218},
  month     = {Aug},
  doi       = {10.1109/SPLINE.2006.1691600},
  file      = {:Designing Software Product Lines with UML 2.0 From Use Cases to Pattern-.pdf:PDF},
  keywords  = {Application software;Computer aided software engineering;Computer architecture;Kernel;Object oriented modeling;Product design;Software architecture;Software design;Software engineering;Unified modeling language},
}

@InProceedings{Jin-hua2008,
  author    = {L. Jin-hua and L. Qiong and L. Jing},
  title     = {The W-Model for Testing Software Product Lines},
  booktitle = {2008 International Symposium on Computer Science and Computational Technology},
  year      = {2008},
  volume    = {1},
  pages     = {690-693},
  month     = {Dec},
  doi       = {10.1109/ISCSCT.2008.34},
  file      = {:The W-Model for Testing Software Product Lines.pdf:PDF},
  keywords  = {product development;program testing;software quality;software reusability;W-model;regression test;software development;software product line engineering;software product lines testing;software quality assurance;variability test;Application software;Computer architecture;Design engineering;Educational institutions;Mobile handsets;Programming;Software engineering;Software quality;Software testing;System testing;W-model;domain test;product line;regression test;software test;variability test},
}

@InProceedings{Puolitaiva2008b,
  author    = {Olli-Pekka Puolitaival and Miao Luo and Teemu Kanstren},
  title     = {On the Properties and Selection of Model-Based Testing tool and Technique},
  booktitle = {MoTiP 2008},
  year      = {2008},
  file      = {:Model-based Testing in Practice - MoTiP Workshop 2008.pdf:PDF},
}

@Article{Pretschner2004,
  author     = {Alexander Pretschner and Heiko L\"{o}tzbeyer and Jan Philipps},
  title      = {Model Based Testing in Incremental System Development},
  journal    = {J. Syst. Softw.},
  year       = {2004},
  volume     = {70},
  number     = {3},
  pages      = {315--329},
  month      = mar,
  issn       = {0164-1212},
  acmid      = {1008462},
  address    = {New York, NY, USA},
  doi        = {10.1016/S0164-1212(03)00076-1},
  file       = {:Model based testing in incremental system development.pdf:PDF},
  issue_date = {March 2004},
  keywords   = {cleanroom SW engineering, constraint logic programming, extreme programming, incremental development, rapid prototyping, reactive systems, test case generation},
  numpages   = {15},
  publisher  = {Elsevier Science Inc.},
  url        = {http://dx.doi.org/10.1016/S0164-1212(03)00076-1},
}

@InProceedings{Ussami2016,
  author    = {T. H. Ussami and E. Martins and L. Montecchi},
  title     = {{D-MBTDD: An Approach for Reusing Test Artefacts in Evolving System}},
  booktitle = {Proceedings of 46th Annual IEEE/IFIP International Conference on Dependable Systems and Networks Workshop},
  series = {DSN-W '16},
  year      = {2016},
  pages     = {39-46},
  month     = {June},
  doi       = {10.1109/DSN-W.2016.22},
  file      = {:D-MBTDD An Approach for Reusing Test Artefacts in Evolving Systems.pdf:PDF},
  keywords  = {iterative methods;program testing;software prototyping;D-MBTDD;MBT;TDD;agile software development methodologies;incremental development;iterative development;model-based test driven development;model-based testing;test driven development;Adaptation models;Context;Context modeling;Electronic mail;Iterative methods;Software;Testing;Agile Development;Evolving System;Incremental Tests;Model-Based Regression Tests;Model-Based Test Driven Development;Test Reuse},
}

@Article{Beohar2016,
  author   = {Harsh Beohar and Mohammad Reza Mousavi},
  title    = {Inputâoutput conformance testing for software product lines},
  journal  = {Journal of Logical and Algebraic Methods in Programming},
  year     = {2016},
  volume   = {85},
  number   = {6},
  pages    = {1131 - 1153},
  issn     = {2352-2208},
  note     = {NWPT 2013},
  doi      = {https://doi.org/10.1016/j.jlamp.2016.09.007},
  file     = {:Inputâoutput conformance testing for software product lines.pdf:PDF},
  keywords = {Model based testing, Inputâoutput conformance testing, Software product lines, Inputâoutput featured transition systems},
}

@Article{Machado2014,
  author     = {Ivan Do Carmo Machado and John D. Mcgregor and Yguarat\~{a} Cerqueira Cavalcanti and Eduardo Santana De Almeida},
  title      = {On Strategies for Testing Software Product Lines: A Systematic Literature Review},
  journal    = {Inf. Softw. Technol.},
  year       = {2014},
  volume     = {56},
  number     = {10},
  pages      = {1183--1199},
  month      = oct,
  issn       = {0950-5849},
  acmid      = {2658306},
  address    = {Newton, MA, USA},
  doi        = {10.1016/j.infsof.2014.04.002},
  issue_date = {October, 2014},
  keywords   = {Software product lines, Software quality, Software testing, Systematic literature review},
  numpages   = {17},
  publisher  = {Butterworth-Heinemann},
  url        = {http://dx.doi.org/10.1016/j.infsof.2014.04.002},
}

@InProceedings{Devroey2014,
  author    = {Xavier Devroey and Gilles Perrouin and Pierre-Yves Schobbens},
  title     = {Abstract Test Case Generation for Behavioural Testing of Software Product Lines},
  booktitle = {Proceedings of the 18th International Software Product Line Conference: Companion Volume for Workshops, Demonstrations and Tools - Volume 2},
  year      = {2014},
  series    = {SPLC '14},
  pages     = {86--93},
  address   = {New York, NY, USA},
  publisher = {ACM},
  acmid     = {2655971},
  doi       = {10.1145/2647908.2655971},
  file      = {:Abstract Test Case Generation for Behavioural Testing of SPLs.pdf:PDF},
  isbn      = {978-1-4503-2739-8},
  keywords  = {model-based testing, software product line, test case generation},
  location  = {Florence, Italy},
  numpages  = {8},
  url       = {http://doi.acm.org/10.1145/2647908.2655971},
}

@InProceedings{Machado2010,
  author    = {Ivan do Carmo MACHADO and Paulo Anselmo da Mota Silveira Neto and Eduardo Santana de Almeida and Silvio Meira},
  title     = {RiPLE-TE: A process for testing Software Product Lines},
  booktitle = {Proceedings of the 23rd International Conference on Software Engineering \& Knowledge Engineering (SEKE'2011)},
  year      = {2010},
}

@MastersThesis{Machado2010b,
  author = {Ivan do Carmo MACHADO},
  title  = {RiPLE-TE: a software product lines testing process},
  school = {Universidade Federal de Pernambuco},
  year   = {2010},
  file   = {:RiPLE-TE a software product lines testing process - MS Thesis.pdf:PDF},
}

@InProceedings{Lu2008,
  author    = {Y. Lu and S. Da and J. Yang and J. Song and S. Nie},
  title     = {Research on a Behavior-Based Software Test Process Model},
  booktitle = {2008 International Symposium on Computer Science and Computational Technology},
  year      = {2008},
  volume    = {2},
  pages     = {114-117},
  month     = {Dec},
  doi       = {10.1109/ISCSCT.2008.373},
  file      = {:Research on a Behavior-Based Software Test Process Model.pdf:PDF},
  keywords  = {program testing;software process improvement;statistical testing;American on-line;behavior-based software test process model;bug-mining operation;regression test;software development process;test case generation;test design;test execution;test plan;test result analysis;test reuse;Application software;Assembly;Computer languages;Computer science;Electronic mail;Product development;Programming;Software engineering;Software quality;Software testing},
}

@Misc{AndroMDA,
   author = {{AndroMDA}},
  title = {\url{http://www.andromda.org/}},
  
}

@Article{Rodrigues2015,
  author     = {Alberto Rodrigues da Silva},
  title      = {{Model-driven Engineering}},
  journal    = {Comput. Lang. Syst. Struct.},
  year       = {2015},
  volume     = {43},
  number     = {C},
  pages      = {139--155},
  issn       = {1477-8424},
  acmid      = {2826923},
  address    = {Amsterdam, The Netherlands, The Netherlands},
  doi        = {10.1016/j.cl.2015.06.001},
  keywords   = {Metamodel, Model, Model-driven approaches, Model-driven engineering, Modeling language, Software system},
  numpages   = {17},
  publisher  = {Elsevier Science Publishers B. V.},
  url        = {http://dx.doi.org/10.1016/j.cl.2015.06.001},
}

@Article{Marin2017,
  author     = {Mar\'{\i}n, Beatriz and Gallardo, Carlos and Quiroga, Diego and Giachetti, Giovanni and Serral, Estefan\'{\i}a},
  title      = {Testing of Model-driven Development Applications},
  journal    = {Software Quality Journal},
  year       = {2017},
  volume     = {25},
  number     = {2},
  pages      = {407--435},
  month      = jun,
  issn       = {0963-9314},
  acmid      = {3095621},
  address    = {Hingham, MA, USA},
  doi        = {10.1007/s11219-016-9308-8},
  issue_date = {June 2017},
  keywords   = {Abstract test case, Concrete test case, Model-based testing, Model-driven development},
  numpages   = {29},
  publisher  = {Kluwer Academic Publishers},
  url        = {https://doi.org/10.1007/s11219-016-9308-8},
}

@InBook{Lamancha2013b,
  pages     = {155--168},
  title     = {Model-Driven Test Code Generation},
  publisher = {Springer Berlin Heidelberg},
  year      = {2013},
  author    = {Lamancha, Beatriz P{\'e}rez and Reales, Pedro and Polo, Macario and Caivano, Danilo},
  editor    = {Maciaszek, Leszek A. and Zhang, Kang},
  address   = {Berlin, Heidelberg},
  isbn      = {978-3-642-32341-6},
  booktitle = {Evaluation of Novel Approaches to Software Engineering: 6th International Conference, ENASE 2011, Beijing, China, June 8-11, 2011. Revised Selected Papers},
  doi       = {10.1007/978-3-642-32341-6_11},
  url       = {https://doi.org/10.1007/978-3-642-32341-6_11},
}

@InBook{Lamancha2011,
  pages     = {193--208},
  title     = {A Model Based Testing Approach for Model-Driven Development and Software Product Lines},
  publisher = {Springer Berlin Heidelberg},
  year      = {2011},
  author    = {P{\'e}rez Lamancha, Beatriz and Polo Usaola, Macario and Piattini Velthius, Mario},
  editor    = {Maciaszek, Leszek A. and Loucopoulos, Pericles},
  address   = {Berlin, Heidelberg},
  isbn      = {978-3-642-23391-3},
  booktitle = {Evaluation of Novel Approaches to Software Engineering: 5th International Conference, ENASE 2010, Athens, Greece, July 22-24, 2010, Revised Selected Papers},
  doi       = {10.1007/978-3-642-23391-3_14},
  url       = {https://doi.org/10.1007/978-3-642-23391-3_14},
}

@Article{Lasalle2011,
  author  = {Lasalle, Jonathan and Peureux, Fabien and Fondement, Fr{\'e}d{\'e}ric},
  title   = {Development of an automated MBT toolchain from UML/SysML models},
  journal = {Innovations in Systems and Software Engineering},
  year    = {2011},
  volume  = {7},
  number  = {4},
  pages   = {247--256},
  month   = {Dec},
  issn    = {1614-5054},
  day     = {01},
  doi     = {10.1007/s11334-011-0164-1},
  url     = {https://doi.org/10.1007/s11334-011-0164-1},
}

@Article{Castillos2011,
  author  = {Castillos, Kalou Cabrera and Dadeau, Fr{\'e}d{\'e}ric and Julliand, Jacques},
  title   = {Scenario-based testing from UML/OCL behavioral models},
  journal = {International Journal on Software Tools for Technology Transfer},
  year    = {2011},
  volume  = {13},
  number  = {5},
  pages   = {431--448},
  month   = {Oct},
  issn    = {1433-2787},
  day     = {01},
  doi     = {10.1007/s10009-011-0189-7},
  url     = {https://doi.org/10.1007/s10009-011-0189-7},
}

@InProceedings{Brucker2010,
  author    = {Brucker, Achim D. and Krieger, Matthias P. and Longuet, Delphine and Wolff, Burkhart},
  title     = {A Specification-based Test Case Generation Method for UML/OCL},
  booktitle = {Proceedings of the 2010 International Conference on Models in Software Engineering},
  year      = {2011},
  series    = {MODELS'10},
  pages     = {334--348},
  address   = {Berlin, Heidelberg},
  publisher = {Springer-Verlag},
  acmid     = {2008548},
  isbn      = {978-3-642-21209-3},
  keywords  = {OCL, UML, specification-based testing, test case generation},
  location  = {Oslo, Norway},
  numpages  = {15},
  url       = {http://dl.acm.org/citation.cfm?id=2008503.2008548},
}

@InProceedings{Mlynarski2010,
  author    = {Michael Mlynarski},
  title     = {Holistic Model-Based Testing for Business Information Systems},
  booktitle = {Proceedings of the 2010 Third International Conference on Software Testing, Verification and Validation},
  year      = {2010},
  series    = {ICST '10},
  pages     = {327--330},
  address   = {Washington, DC, USA},
  publisher = {IEEE Computer Society},
  acmid     = {1828474},
  doi       = {10.1109/ICST.2010.35},
  isbn      = {978-0-7695-3990-4},
  keywords  = {model-based testing, test model, test selection, test design, model transformation},
  numpages  = {4},
  url       = {http://dx.doi.org/10.1109/ICST.2010.35},
}

@InProceedings{Lamancha2009,
  author    = {Lamancha, Beatriz P{\'e}rez and Mateo, Pedro Reales and de Guzm\'{a}n, Ignacio Rodr\'{\i}guez and Usaola, Macario Polo and Velthius, Mario Piattini},
  title     = {Automated Model-based Testing Using the UML Testing Profile and QVT},
  booktitle = {Proceedings of the 6th International Workshop on Model-Driven Engineering, Verification and Validation},
  year      = {2009},
  series    = {MoDeVVa '09},
  pages     = {6:1--6:10},
  address   = {New York, NY, USA},
  publisher = {ACM},
  acmid     = {1656491},
  articleno = {6},
  doi       = {10.1145/1656485.1656491},
  isbn      = {978-1-60558-876-6},
  keywords  = {QVT, UML, UML testing profile, model-based testing, testing},
  location  = {Denver, Colorado, USA},
  numpages  = {10},
  url       = {http://doi.acm.org/10.1145/1656485.1656491},
}

@InProceedings{Wieczorek2008,
  author    = {Wieczorek, Sebastian and Stefanescu, Alin and Fritzsche, Mathias and Schnitter, Joachim},
  title     = {Enhancing Test Driven Development with Model Based Testing and Performance Analysis},
  booktitle = {Proceedings of the Testing: Academic \& Industrial Conference - Practice and Research Techniques},
  year      = {2008},
  series    = {TAIC-PART '08},
  pages     = {82--86},
  address   = {Washington, DC, USA},
  publisher = {IEEE Computer Society},
  acmid     = {1476377},
  doi       = {10.1109/TAIC-PART.2008.17},
  isbn      = {978-0-7695-3383-4},
  keywords  = {model-based testing, agile, SOA, test-driven development, performance, model-driven development},
  numpages  = {5},
  url       = {https://doi.org/10.1109/TAIC-PART.2008.17},
}

@InProceedings{Javed2007,
  author    = {Javed, A. Z. and Strooper, P. A. and Watson, G. N.},
  title     = {Automated Generation of Test Cases Using Model-Driven Architecture},
  booktitle = {Proceedings of the Second International Workshop on Automation of Software Test},
  year      = {2007},
  series    = {AST '07},
  pages     = {3--},
  address   = {Washington, DC, USA},
  publisher = {IEEE Computer Society},
  acmid     = {1270256},
  doi       = {10.1109/AST.2007.2},
  isbn      = {0-7695-2971-2},
  url       = {http://dx.doi.org/10.1109/AST.2007.2},
}

@InProceedings{Engels2006,
  author    = {Engels, Gregor and G\"{u}ldali, Baris and Lohmann, Marc},
  title     = {Towards Model-driven Unit Testing},
  booktitle = {Proceedings of the 2006 International Conference on Models in Software Engineering},
  year      = {2006},
  series    = {MoDELS'06},
  pages     = {182--192},
  address   = {Berlin, Heidelberg},
  publisher = {Springer-Verlag},
  acmid     = {1762859},
  isbn      = {978-3-540-69488-5},
  keywords  = {design by contract, model checking, test case generation, visual contracts},
  location  = {Genoa, Italy},
  numpages  = {11},
  url       = {http://dl.acm.org/citation.cfm?id=1762828.1762859},
}

@article{Pastor2001,
 author = {Pastor, Oscar and G\'{o}mez, Jaime and Insfr\'{a}n, Emilio and Pelechano, Vicente},
 title = {The OO-Method Approach for Information Systems Modeling: From Object-oriented Conceptual Modeling to Automated Programming},
 journal = {Inf. Syst.},
 issue_date = {November 2001},
 volume = {26},
 number = {7},
 month = oct,
 year = {2001},
 issn = {0306-4379},
 pages = {507--534},
 numpages = {28},
 url = {http://dx.doi.org/10.1016/S0306-4379(01)00035-7},
 doi = {10.1016/S0306-4379(01)00035-7},
 acmid = {569715},
 publisher = {Elsevier Science Ltd.},
 address = {Oxford, UK, UK},
} 

@InProceedings{Farahani2014,
  author    = {Farima F. Farahani and Raman Ramsin},
  title     = {Methodologies for Agile Product Line Engineering: A Survey and Evaluation},
  booktitle = {Proceedings of the 13th International Conference on Intelligent Software Methodologies, Tools and Techniques},
  series =  {SoMet '14},
  year      = {2014},
  pages     = {545--564},
}

@INPROCEEDINGS{Lity2012, 
author={S. Lity and M. Lochau and I. Schaefer and U. Goltz}, 
booktitle={Proceedings of the 3rd International Workshop on Product LinE Approaches in Software Engineering},
series = {PLEASE '12}, 
title={{Delta-oriented model-based SPL regression testing}}, 
year={2012}, 
volume={}, 
number={}, 
pages={53-56}, 
doi={10.1109/PLEASE.2012.6229772}, 
ISSN={}, 
}

@InProceedings{Streitferdt2008,
  author    = {Detlef Streitferdt and Philipp Nenninger and Carlos Bilich and Florian Kantz},
  title     = {Model-based Testing in the Automation Domain, Safety Enabled},
  booktitle = {MoTiP 2008},
  year      = {2008},
}

@InProceedings{Karla2008,
  author    = {Mathias Karla and DragosTruscan and Johan Lilius and Ivan Porres},
  title     = {A Testing Framework for NoTA-based Devices},
  booktitle = {MoTiP 2008},
  year      = {2008},
}

@InProceedings{Bauer2009,
  author    = {Thomas Bauer and Robert Eschbach and Martin Gr\"{o}Ãl and Tanvir Hussain and Detlef Streitferdt and Florian Kantz},
  title     = {Combining combinatorial and model-based test approaches for highly configurable safety-critical systems},
  booktitle = {MoTiP 2009},
  year      = {2009},
}

@InProceedings{Din2009,
  author    = {George Din and Klaus-Dietrich Engel and Axel Rennoch},
  title     = {An Approach for Test Derivation from System Architecture Models applied to Embedded Systems},
  booktitle = {MoTiP 2009},
  year      = {2009},
}

@InProceedings{Chimisliu2009,
  author    = {Valentin Chimisliu and Christian Schwarzl and Bernhard Peischl},
  title     = {Test Case Generation for Embedded Automotive Systems: A Semantics Preserving Model Transformation},
  booktitle = {MoTiP 2009},
  year      = {2009},
}

@InProceedings{Spichkova2016,
  author    = {Maria Spichkova and Anna Zamansky},
  title     = {{A Human-Centred Framework for Supporting Agile Model-Based Testing}},
  booktitle = {Proceedings of the 28th International Conference on Advanced Information Systems Engineering},
  series = {CAiSE '16},
  year      = {2016},
}

@ARTICLE{Amalfitano2015, 
author={D. Amalfitano and A. R. Fasolino and P. Tramontana and B. D. Ta and A. M. Memon}, 
journal={IEEE Software}, 
title={MobiGUITAR: Automated Model-Based Testing of Mobile Apps}, 
year={2015}, 
volume={32}, 
number={5}, 
pages={53-59}, 
doi={10.1109/MS.2014.55}, 
ISSN={0740-7459}, 
month={Sept},
}

@INPROCEEDINGS{Endo2011, 
author={A. T. Endo and A. Simao}, 
booktitle={2011 IEEE International Conference on Services Computing}, 
title={Model-Based Testing of Service-Oriented Applications via State Models}, 
year={2011}, 
volume={}, 
number={}, 
pages={432-439}, 
keywords={Web services;finite state machines;program testing;service-oriented architecture;Web services;business process systems;distributed applications;finite state machines;mission-critical systems;model-based testing process;service-oriented application verification;service-oriented architectures;state models;test case generation;Adaptation models;Context;Joining processes;Monitoring;Service oriented architecture;Testing;finite state machines;model based testing;service oriented architecture;web services}, 
doi={10.1109/SCC.2011.77}, 
ISSN={}, 
month={July},
}

@ARTICLE{Yuan2011, 
author={X. Yuan and M. B. Cohen and A. M. Memon}, 
journal={IEEE Transactions on Software Engineering}, 
title={GUI Interaction Testing: Incorporating Event Context}, 
year={2011}, 
volume={37}, 
number={4}, 
pages={559-574}, 
doi={10.1109/TSE.2010.50}, 
ISSN={0098-5589}, 
month={July},
}

@inproceedings{doNascimento2007,
 author = {Laisa H. O. do Nascimento and Patricia D. L. Machado},
 title = {An Experimental Evaluation of Approaches to Feature Testing in the Mobile Phone Applications Domain},
 booktitle = {Workshop on Domain Specific Approaches to Software Test Automation: In Conjunction with the 6th ESEC/FSE Joint Meeting},
 series = {DOSTA '07},
 year = {2007},
 isbn = {978-1-59593-726-1},
 location = {Dubrovnik, Croatia},
 pages = {27--33},
 numpages = {7},
 url = {http://doi.acm.org/10.1145/1294921.1294926},
 doi = {10.1145/1294921.1294926},
 acmid = {1294926},
 publisher = {ACM},
 address = {New York, NY, USA},
 keywords = {GQM paradigm, exploratory testing, feature testing, model-based testing, software testing},
} 


@article{Xie2008,
 author = {Qing Xie  and Atif MMemon},
 title = {Using a Pilot Study to Derive a GUI Model for Automated Testing},
 journal = {ACM Trans. Softw. Eng. Methodol.},
 issue_date = {November 2008},
 volume = {18},
 number = {2},
 month = nov,
 year = {2008},
 issn = {1049-331X},
 pages = {7:1--7:35},
 articleno = {7},
 numpages = {35},
 url = {http://doi.acm.org/10.1145/1416563.1416567},
 doi = {10.1145/1416563.1416567},
 acmid = {1416567},
 publisher = {ACM},
 address = {New York, NY, USA},
 keywords = {Graphical user interfaces, model-based testing, test minimization, test suite management},
} 

@Article{Nguyen2014,
author="Nguyen, Bao N.
and Robbins, Bryan
and Banerjee, Ishan
and Memon, Atif",
title="GUITAR: an innovative tool for automated testing of GUI-driven software",
journal="Automated Software Engineering",
year="2014",
month="Mar",
day="01",
volume="21",
number="1",
pages="65--105",
issn="1573-7535",
doi="10.1007/s10515-013-0128-9",
url="https://doi.org/10.1007/s10515-013-0128-9"
}

@INPROCEEDINGS{Lelli2015, 
author={V. Lelli and A. Blouin and B. Baudry and F. Coulon}, 
booktitle={2015 IEEE Eighth International Conference on Software Testing, Verification and Validation Workshops (ICSTW)}, 
title={On model-based testing advanced GUIs}, 
year={2015}, 
volume={}, 
number={}, 
pages={1-10}, 
doi={10.1109/ICSTW.2015.7107403}, 
ISSN={}, 
month={April},}


@INPROCEEDINGS{Reza2008, 
author={H. Reza and K. Ogaard and A. Malge}, 
booktitle={Fifth International Conference on Information Technology: New Generations (ITNG 2008)}, 
title={A Model Based Testing Technique to Test Web Applications Using Statecharts}, 
year={2008}, 
volume={}, 
number={}, 
pages={183-188}, 
ISSN={}, 
month={April},
}


@MastersThesis{Monsma2015,
  author = {J.R. Monsma},
  title  = {MODEL-BASED TESTING OF WEB APPLICATIONS},
  school = {Radboud University },
  year   = {2015},
}

@article{Habibi2015,
title = "Event-driven web application testing based on model-based mutation testing",
journal = "Information and Software Technology",
volume = "67",
number = "Supplement C",
pages = "159 - 179",
year = "2015",
issn = "0950-5849",
doi = "https://doi.org/10.1016/j.infsof.2015.07.003",
url = "http://www.sciencedirect.com/science/article/pii/S0950584915001263",
author = "Elahe Habibi and Seyed-Hassan Mirian-Hosseinabadi",
keywords = "Event-driven software, Web application, Event, Test case generation, Functional graph, Mutation analysis"
}

@InProceedings{Varshosaz2015,
author="Varshosaz, Mahsa
and Beohar, Harsh
and Mousavi, Mohammad Reza",
editor="Butler, Michael
and Conchon, Sylvain
and Za{\"i}di, Fatiha",
title="{Delta-Oriented FSM-Based Testing}",
booktitle="Formal Methods and Software Engineering",
year="2015",
publisher="Springer International Publishing",
address="Cham",
pages="366--381",
isbn="978-3-319-25423-4"
}

@ARTICLE{Fakih2004, 
author={K. EI-Fakih and N. Yevtushenko and G. Bochmann}, 
journal={IEEE Transactions on Software Engineering}, 
title={{FSM-based incremental conformance testing methods}}, 
year={2004}, 
volume={30}, 
number={7}, 
pages={425-436}, 
doi={10.1109/TSE.2004.31}, 
ISSN={0098-5589}, 
}

@InProceedings{Jaaskelainen2010,
author="J{\"a}{\"a}skel{\"a}inen, Antti",
editor="Bottaci, Leonardo
and Fraser, Gordon",
title={{Filtering Test Models to Support Incremental Testing}},
booktitle="Proceedings of Testing -- Practice and Research Techniques",
year="2010",
publisher="Springer Berlin Heidelberg",
address="Berlin, Heidelberg",
pages="72--87",
isbn="978-3-642-15585-7"
}

@article{Nemeth2014,
 author = {N{\'e}meth, G\'{a}bor \'{A}rp\'{a}d and Pap, Zolt\'{a}n},
 title = {{The Incremental Maintenance of Transition Tour}},
 journal = {Journal Fundamenta Informaticae},
 issue_date = {July 2014},
 volume = {129},
 number = {3},
 month = jul,
 year = {2014},
 issn = {0169-2968},
 pages = {279--300},
 numpages = {22},
 url = {http://dx.doi.org/10.3233/FI-2014-972},
 doi = {10.3233/FI-2014-972},
 acmid = {2608426},
 publisher = {IOS Press},
 address = {Amsterdam, The Netherlands, The Netherlands},
} 

@InProceedings{Pap2007,
author="Pap, Zolt{\'a}n
and Subramaniam, Mahadevan
and Kov{\'a}cs, G{\'a}bor
and N{\'e}meth, G{\'a}bor {\'A}rp{\'a}d",
editor="Petrenko, Alexandre
and Veanes, Margus
and Tretmans, Jan
and Grieskamp, Wolfgang",
title={{A Bounded Incremental Test Generation Algorithm for Finite State Machines}},
booktitle="Testing of Software and Communicating Systems",
year="2007",
publisher="Springer Berlin Heidelberg",
address="Berlin, Heidelberg",
pages="244--259",
isbn="978-3-540-73066-8"
}

@article{Simao2010,
 author = {Sim\~{a}o, Adenilso and Petrenko, Alexandre},
 title = {{Fault Coverage-Driven Incremental Test Generation}},
 journal = {The Computer Journal},
 issue_date = {November 2010},
 volume = {53},
 number = {9},
 month = nov,
 year = {2010},
 issn = {0010-4620},
 pages = {1508--1522},
 numpages = {15},
 url = {http://dx.doi.org/10.1093/comjnl/bxp073},
 doi = {10.1093/comjnl/bxp073},
 acmid = {1883409},
 publisher = {Oxford University Press},
 address = {Oxford, UK},
} 

@article{Engstrom2011,
 author = {Engstr\"{o}m, Emelie and Runeson, Per},
 title = {{Software Product Line Testing - A Systematic Mapping Study}},
 journal = {Inf. Softw. Technol.},
 issue_date = {January, 2011},
 volume = {53},
 number = {1},
 year = {2011},
 issn = {0950-5849},
 pages = {2--13},
 numpages = {12},
 url = {http://dx.doi.org/10.1016/j.infsof.2010.05.011},
 doi = {10.1016/j.infsof.2010.05.011},
 acmid = {1879889},
 publisher = {Butterworth-Heinemann},
 address = {Newton, MA, USA},
 keywords = {Software product line testing, Systematic literature review, Systematic mapping, Testing},
} 

@article{Oster2011,
 author = {Oster, Sebastian and W\"{u}bbeke, Andreas and Engels, Gregor and Sch\"{u}rr, Andy},
 title = {{Model-Based Software Product Lines Testing Survey}},
 journal = {Model-based Testing for Embedded Systems},
 year = {2011},
 pages = {339--381},
 publisher = {CRC Press},
} 

@article{Thum2014,
 author = {Th\"{u}m, Thomas and Apel, Sven and K\"{a}stner, Christian and Schaefer, Ina and Saake, Gunter},
 title = {{A Classification and Survey of Analysis Strategies for Software Product Lines}},
 journal = {ACM Computing Survey},
 issue_date = {July 2014},
 volume = {47},
 number = {1},
 month = jun,
 year = {2014},
 issn = {0360-0300},
 pages = {6:1--6:45},
 articleno = {6},
 numpages = {45},
 url = {http://doi.acm.org/10.1145/2580950},
 doi = {10.1145/2580950},
 acmid = {2580950},
 publisher = {ACM},
 address = {New York, NY, USA},
 keywords = {Product-line analysis, model checking, program family, software analysis, software product line, static analysis, theorem proving, type checking},
} 

@INPROCEEDINGS{Taromirad2008, 
author={M. Taromirad and R. Ramsin}, 
booktitle={Proceedings of the 32nd Annual IEEE Software Engineering Workshop}, 
series ={SEW '08},
title={{CEFAM: Comprehensive Evaluation Framework for Agile Methodologies}}, 
year={2008}, 
volume={}, 
number={}, 
pages={195-204}, 
doi={10.1109/SEW.2008.19}, 
ISSN={1550-6215}, 
month={Oct},
}

@inproceedings{Yang2012,
 author = {Yang, Guowei and P\u{a}s\u{a}reanu, Corina S. and Khurshid, Sarfraz},
 title = {{Memoized Symbolic Execution}},
 booktitle = {Proceedings of the International Symposium on Software Testing and Analysis},
 series = {ISSTA '12},
 year = {2012},
 isbn = {978-1-4503-1454-1},
 location = {Minneapolis, MN, USA},
 pages = {144--154},
 numpages = {11},
 url = {http://doi.acm.org/10.1145/2338965.2336771},
 doi = {10.1145/2338965.2336771},
 acmid = {2336771},
 publisher = {ACM},
 address = {New York, NY, USA},
} 

@ARTICLE{Nebut2006, 
author={C. Nebut and F. Fleurey and Y. Le Traon and J. M. Jezequel}, 
journal={IEEE Transactions on Software Engineering}, 
title={{Automatic test generation: a use case driven approach}}, 
year={2006}, 
volume={32}, 
number={3}, 
pages={140-155}, 
doi={10.1109/TSE.2006.22}, 
ISSN={0098-5589}, 
month={March},
}

@INPROCEEDINGS{Sarma2007, 
author={M. Sarma and R. Mall}, 
booktitle={Proceedings of the 16th Asian Test Symposium}, 
series={ATS '07},
title={{System Testing using UML Models}}, 
year={2007}, 
volume={}, 
number={}, 
pages={155-158}, 
doi={10.1109/ATS.2007.102}, 
ISSN={1081-7735}, 
month={Oct},}

@INPROCEEDINGS{Kaplan2008, 
author={M. Kaplan and T. Klinger and A. M. Paradkar and A. Sinha and C. Williams and C. Yilmaz}, 
booktitle={Proceedings of the 1st International Conference on Software Testing, Verification, and Validation}, 
series={ICST '08},
title={{Less is More: A Minimalistic Approach to UML Model-Based Conformance Test Generation}}, 
year={2008}, 
volume={}, 
number={}, 
pages={82-91}, 
doi={10.1109/ICST.2008.48}, 
ISSN={2159-4848}, 
month={April},}


@incollection{Beck2000,
 author = {Kent Beck and Erich Gamma},
 chapter = {{Test-infected: Programmers Love Writing Tests}},
 title = {More Java Gems},
 editor = {Deugo, Dwight},
 year = {2000},
 isbn = {0-521-77477-2},
 pages = {357--376},
 numpages = {20},
 url = {http://dl.acm.org/citation.cfm?id=335845.335908},
 acmid = {335908},
 publisher = {Cambridge University Press},
 address = {New York, NY, USA},
} 

@book{Ammann2008,
 author = {Paul Ammann and Jeff Offutt},
 title = {{Introduction to Software Testing}},
 year = {2008},
 isbn = {0521880386, 9780521880381},
 edition = {1},
 publisher = {Cambridge University Press},
 address = {New York, NY, USA},
} 

@book{Spivey1992,
 author = {J. M. Spivey},
 title = {{The Z Notation: A Reference Manual, Second Ed.}},
 year = {1992},
 publisher = {Prentice-Hall, Inc.},
} 

@book{Jackson2012,
 author = {Jackson, Daniel},
 title = {Software Abstractions: Logic, Language, and Analysis, Revised Ed.},
 year = {2012},
 isbn = {0262101149},
 publisher = {The MIT Press},
} 

@article{Jackson2002,
 author = {Daniel Jackson},
 title = {{Alloy: A Lightweight Object Modelling Notation}},
 journal = {ACM Trans. Softw. Eng. Methodol.},
 issue_date = {April 2002},
 volume = {11},
 number = {2},
 month = apr,
 year = {2002},
 issn = {1049-331X},
 pages = {256--290},
 numpages = {35},
 url = {http://doi.acm.org/10.1145/505145.505149},
 doi = {10.1145/505145.505149},
 acmid = {505149},
 publisher = {ACM},
 address = {New York, NY, USA},
 keywords = {Object models, Z specification language, first-order logic},
} 

@inproceedings{Jackson2000,
 author = {Daniel Jackson and Ian Schechter and Hya Shlyahter},
 title = {{Alcoa: The Alloy Constraint Analyzer}},
 booktitle = {Proceedings of the 22Nd International Conference on Software Engineering},
 series = {ICSE '00},
 year = {2000},
 isbn = {1-58113-206-9},
 location = {Limerick, Ireland},
 pages = {730--733},
 numpages = {4},
 url = {http://doi.acm.org/10.1145/337180.337616},
 doi = {10.1145/337180.337616},
 acmid = {337616},
 publisher = {ACM},
 address = {New York, NY, USA},
 keywords = {constraint satisfaction, formal specifications, model checking, object models, relational logic, software analysis},
}

@article{Shlyakhter2007,
 author = {Ilya Shlyakhter},
 title = {{Generating Effective Symmetry-breaking Predicates for Search Problems}},
 journal = {Discrete Appl. Math.},
 issue_date = {June, 2007},
 volume = {155},
 number = {12},
 month = jun,
 year = {2007},
 issn = {0166-218X},
 pages = {1539--1548},
 numpages = {10},
 url = {http://dx.doi.org/10.1016/j.dam.2005.10.018},
 doi = {10.1016/j.dam.2005.10.018},
 acmid = {1268169},
 publisher = {Elsevier Science Publishers B. V.},
 address = {Amsterdam, The Netherlands, The Netherlands},
}

@INPROCEEDINGS{Scheetz1999, 
author={M. Scheetz and A. von Mayrhauser and R. France}, 
booktitle={Proceedings of the 10th International Symposium on Software Reliability Engineering (Cat. No.PR00443)}, 
title={{Generating test cases from an OO model with an AI planning system}}, 
year={1999}, 
volume={}, 
number={}, 
pages={250-259}, 
doi={10.1109/ISSRE.1999.809330}, 
ISSN={1071-9458}, 
month={},}

@INPROCEEDINGS{Cavarra2002,
    author = {Alessandra Cavarra and Charles Crichton and Jim Davies and Alan Hartman and Laurent Mounier},
    title = {{Using UML for automatic test generation}},
    booktitle = {Proceedings of the International symposium of software testing and analysis},
    series={ISSTA '02},
    year = {2002},
    publisher = {Springer-Verlag}
}

@inproceedings{Bouquet2007,
 author = {F. Bouquet and C. Grandpierre and B. Legeard and F. Peureux and N. Vacelet and M. Utting},
 title = {{A Subset of Precise UML for Model-based Testing}},
 booktitle = {Proceedings of the 3rd International Workshop on Advances in Model-based Testing},
 series = {A-MOST '07},
 year = {2007},
 isbn = {978-1-59593-850-3},
 location = {London, United Kingdom},
 pages = {95--104},
 numpages = {10},
 url = {http://doi.acm.org/10.1145/1291535.1291545},
 doi = {10.1145/1291535.1291545},
 acmid = {1291545},
 publisher = {ACM},
 address = {New York, NY, USA},
} 

@article{Meyer1992,
 author = {Bertrand Meyer},
 title = {{Applying ``Design by Contract"}},
 journal = {Computer},
 issue_date = {October 1992},
 volume = {25},
 number = {10},
 month = oct,
 year = {1992},
 issn = {0018-9162},
 pages = {40--51},
 numpages = {12},
 url = {http://dx.doi.org/10.1109/2.161279},
 doi = {10.1109/2.161279},
 acmid = {619797},
 publisher = {IEEE Computer Society Press},
 address = {Los Alamitos, CA, USA},
} 

@InProceedings{Maoz2011,
author="Shahar Maoz and Jan Oliver Ringert and Bernhard Rumpe",
editor="Mira Mezini",
title="{Modal Object Diagrams}",
booktitle="ECOOP 2011 -- Object-Oriented Programming",
year="2011",
publisher="Springer Berlin Heidelberg",
address="Berlin, Heidelberg",
pages="281--305",
isbn="978-3-642-22655-7"
}

@article{Andrews2003,
author = { Anneliese Andrews and  Robert France and  Sudipto Ghosh and  Gerald Craig},
title = {{Test adequacy criteria for UML design models}},
journal = {Software Testing, Verification and Reliability},
volume = {13},
number = {2},
pages = {95-127},
keywords = {design reviews, software testing, test adequacy criteria, UML, class diagram, collaboration diagram, category partitioning},
doi = {10.1002/stvr.270},
url = {https://onlinelibrary.wiley.com/doi/abs/10.1002/stvr.270},
eprint = {https://onlinelibrary.wiley.com/doi/pdf/10.1002/stvr.270},
}

@inproceedings{DiNardo2015a,
 author = {Daniel Di Nardo and Fabrizio Pastore and Andrea Arcuri and Lionel Briand},
 title = {{Evolutionary Robustness Testing of Data Processing Systems Using Models and Data Mutation (T)}},
 booktitle = {Proceedings of the 30th IEEE/ACM International Conference on Automated Software Engineering},
 series = {ASE '15},
 year = {2015},
 isbn = {978-1-5090-0025-8},
 pages = {126--137},
 numpages = {12},
 url = {https://doi.org/10.1109/ASE.2015.13},
 doi = {10.1109/ASE.2015.13},
 acmid = {2916224},
 publisher = {IEEE Computer Society},
 address = {Washington, DC, USA},
} 

@article{DiNardo2017,
 author = {Daniel Di Nardo and Fabrizio Pastore and Lionel Briand},
 title = {{Augmenting Field Data for Testing Systems Subject to Incremental Requirements Changes}},
 journal = {ACM Transactions of Software Engineering Methodology},
 issue_date = {July 2017},
 volume = {26},
 number = {1},
 month = may,
 year = {2017},
 issn = {1049-331X},
 pages = {1:1--1:40},
 articleno = {1},
 numpages = {40},
 url = {http://doi.acm.org/10.1145/3053430},
 doi = {10.1145/3053430},
 acmid = {3053430},
 publisher = {ACM},
 address = {New York, NY, USA},
 keywords = {Alloy, Data Processing Systems, Model Slicing, System Testing},
} 

@INPROCEEDINGS{Nardo2015b, 
author={D. Di Nardo and F. Pastore and L. Briand}, 
booktitle={Proceedings of the IEEE 8th International Conference on Software Testing, Verification and Validation}, 
series={ICST '15},
title={{Generating Complex and Faulty Test Data through Model-Based Mutation Analysis}}, 
year={2015}, 
volume={}, 
number={}, 
pages={1-10}, 
doi={10.1109/ICST.2015.7102589}, 
ISSN={2159-4848}, 
month={April},}

@InProceedings{Anastasakis2007,
author="Kyriakos Anastasakis and Behzad Bordbar and Geri Georg and Indrakshi Ray",
editor="Engels, Gregor
and Opdyke, Bill
and Schmidt, Douglas C.
and Weil, Frank",
title="{UML2Alloy: A Challenging Model Transformation}",
booktitle="Model Driven Engineering Languages and Systems",
year="2007",
publisher="Springer Berlin Heidelberg",
address="Berlin, Heidelberg",
pages="436--450",
isbn="978-3-540-75209-7"
}

@article{Goodenough1975,
 author = {John B. Goodenough and Susan L. Gerhart},
 title = {{Toward a Theory of Test Data Selection}},
 journal = {ACM SIGPLAN Notices - International Conference on Reliable Software},
 issue_date = {June 1975},
 volume = {10},
 number = {6},
 month = apr,
 year = {1975},
 issn = {0362-1340},
 pages = {493--510},
 numpages = {18},
 url = {http://doi.acm.org/10.1145/390016.808473},
 doi = {10.1145/390016.808473},
 acmid = {808473},
 publisher = {ACM},
 address = {New York, NY, USA},
 keywords = {Proofs of correctness, Testing},
} 

@InProceedings{Horcher1995,
author="H{\"o}rcher, Hans-Martin",
editor="Bowen, Jonathan P.
and Hinchey, Michael G.",
title="{Improving software tests using Z Specifications}",
booktitle="ZUM '95: The Z Formal Specification Notation",
year="1995",
publisher="Springer Berlin Heidelberg",
address="Berlin, Heidelberg",
pages="152--166",
isbn="978-3-540-44782-5"
}

@article{Stocks1996,
 author = {Phil Stocks and David Carrington},
 title = {{A Framework for Specification-Based Testing}},
 journal = {IEEE Transactions on Software Engineering},
 issue_date = {November 1996},
 volume = {22},
 number = {11},
 month = nov,
 year = {1996},
 issn = {0098-5589},
 pages = {777--793},
 numpages = {17},
 url = {https://doi.org/10.1109/32.553698},
 doi = {10.1109/32.553698},
 acmid = {239918},
 publisher = {IEEE Press},
 address = {Piscataway, NJ, USA},
 keywords = {Specification-based testing, testing strategies, test data, test oracles, Z notation.},
} 

@inproceedings{Donat1997,
 author = {Michael R. Donat},
 title = {{Automating Formal Specification-Based Testing}},
 booktitle = {Proceedings of the 7th International Joint Conference CAAP/FASE on Theory and Practice of Software Development},
 series = {TAPSOFT '97},
 year = {1997},
 isbn = {3-540-62781-2},
 pages = {833--847},
 numpages = {15},
 url = {http://dl.acm.org/citation.cfm?id=646620.697731},
 acmid = {697731},
 publisher = {Springer-Verlag},
 address = {London, UK, UK},
} 

@book{Rumbaugh1999,
 editor = {James Rumbaugh and Ivar Jacobson and Grady Booch},
 title = {{The Unified Modeling Language Reference Manual}},
 year = {1999},
 isbn = {0-201-30998-X},
 publisher = {Addison-Wesley Longman Ltd.},
 address = {Essex, UK, UK},
} 

@inproceedings{Offutt1999,
 author = {Jeff Offutt and Aynur Abdurazik},
 title = {{Generating Tests from UML Specifications}},
 booktitle = {Proceedings of the 2nd International Conference on The Unified Modeling Language: Beyond the Standard},
 series = {UML'99},
 year = {1999},
 isbn = {3-540-66712-1},
 location = {Fort Collins, CO, USA},
 pages = {416--429},
 numpages = {14},
 url = {http://dl.acm.org/citation.cfm?id=1767297.1767341},
 acmid = {1767341},
 publisher = {Springer-Verlag},
 address = {Berlin, Heidelberg},
} 

@article{Sankar1994,
 author = {Sriram Sankar and Roger Hayes},
 title = {{ADL\&Mdash;an Interface Definition Language for Specifying and Testing Software}},
 journal = {ACM SIGPLAN Notices},
 issue_date = {Aug. 1994},
 volume = {29},
 number = {8},
 month = aug,
 year = {1994},
 issn = {0362-1340},
 pages = {13--21},
 numpages = {9},
 url = {http://doi.acm.org/10.1145/185087.185096},
 doi = {10.1145/185087.185096},
 acmid = {185096},
 publisher = {ACM},
 address = {New York, NY, USA},
} 

@article{Chang1999,
 author = {Juei Chang and Debra J. Richardson},
 title = {{Structural Specification-based Testing: Automated Support and Experimental Evaluation}},
 journal = {ACM SIGSOFT Software Engineering Notes},
 issue_date = {Nov. 1999},
 volume = {24},
 number = {6},
 month = oct,
 year = {1999},
 issn = {0163-5948},
 pages = {285--302},
 numpages = {18},
 url = {http://doi.acm.org/10.1145/318774.318948},
 doi = {10.1145/318774.318948},
 acmid = {318948},
 publisher = {ACM},
 address = {New York, NY, USA},
} 

@ARTICLE{Coppit2005, 
author={D. Coppit and Jinlin Yang and S. Khurshid and Wei Le and K. Sullivan}, 
journal={IEEE Transactions on Software Engineering}, 
title={{Software assurance by bounded exhaustive testing}}, 
year={2005}, 
volume={31}, 
number={4}, 
pages={328-339}, 
doi={10.1109/TSE.2005.52}, 
ISSN={0098-5589}, 
month={April},}

@Article{Khurshid2004,
author="Sarfraz Khurshid and Darko Marinov",
title="{TestEra: Specification-Based Testing of Java Programs Using SAT}",
journal="Automated Software Engineering",
year="2004",
month="Oct",
day="01",
volume="11",
number="4",
pages="403--434",
issn="1573-7535",
doi="10.1023/B:AUSE.0000038938.10589.b9",
}

@article{Boyapati2002,
 author = {Chandrasekhar Boyapati and Sarfraz Khurshid and Darko Marinov},
 title = {{Korat: Automated Testing Based on Java Predicates}},
 journal = {ACM SIGSOFT Software Engineering Notes},
 issue_date = {July 2002},
 volume = {27},
 number = {4},
 month = jul,
 year = {2002},
 issn = {0163-5948},
 pages = {123--133},
 numpages = {11},
 url = {http://doi.acm.org/10.1145/566171.566191},
 doi = {10.1145/566171.566191},
 acmid = {566191},
 publisher = {ACM},
 address = {New York, NY, USA},
} 

@inproceedings{Rosner2014,
 author = {Nicol\'{a}s Rosner and Valeria Bengolea and Pablo Ponzio and Shadi Abdul Khalek and Nazareno Aguirre and Marcelo F. Frias and Sarfraz Khurshid},
 title = {{Bounded Exhaustive Test Input Generation from Hybrid Invariants}},
 booktitle = {Proceedings of the 2014 ACM International Conference on Object Oriented Programming Systems Languages \& Applications},
 series = {OOPSLA '14},
 year = {2014},
 isbn = {978-1-4503-2585-1},
 location = {Portland, Oregon, USA},
 pages = {655--674},
 numpages = {20},
 url = {http://doi.acm.org/10.1145/2660193.2660232},
 doi = {10.1145/2660193.2660232},
 acmid = {2660232},
 publisher = {ACM},
 address = {New York, NY, USA},
 keywords = {alloy, automated test generation, bounded exhaustive testing, korat, sat solving, transcoping},
} 


@Misc{Ambler2008,
  author  = {S. W. Ambler},
  title   = {{Test Driven Development (TDD) Survey Results}},
  year    = {2008},
  comment = {last visited: 24 July 2018},
  url     = {http://www.ambysoft.com/surveys/tdd2008.html},
  }
  @Misc{Ambler,
  author  = {S. W. Ambler},
  title   = {{Agile Testing and Quality Strategies: Discipline Over Rhetoric}},
  comment = {last visited: 24 July 2018},
  url     = {http://www.ambysoft.com/essays/agileTesting.html},
}

@article{Erickson2007,
 author = {John Erickson and Keng Siau},
 title = {{Theoretical and Practical Complexity of Modeling Methods}},
 journal = {Communications of the ACM},
 issue_date = {August 2007},
 volume = {50},
 number = {8},
 month = aug,
 year = {2007},
 issn = {0001-0782},
 pages = {46--51},
 numpages = {6},
 url = {http://doi.acm.org/10.1145/1278201.1278205},
 doi = {10.1145/1278201.1278205},
 acmid = {1278205},
 publisher = {ACM},
 address = {New York, NY, USA},
} 

@article{Erickson2008,
 author = {John Erickson and Keng Siau},
 title = {{A Decade and More of UML:
An Overview of UML Semantic and
Structural Issues and UML Field Use}},
 journal = {Journal of Database Management},
 volume = {19},
 issue = {3},
 month = jul,
 year = {2008},
 pages = {i--vii},
 numpages = {7},
} 


@Book{Pugh2011,
  title     = {{Lean-Agile Acceptance Test-Driven Development: Better Software Through Collaboration}},
  publisher = {Addison-Wesley},
  year      = {2011},
  author    = {ken Pugh},
  isbn      = {978-0321714084},
}

@book{Gamma1995,
 author = {Erich Gamma and Richard Helm and Ralph Johnson and John Vlissides},
 title = {{Design Patterns: Elements of Reusable Object-oriented Software}},
 year = {1995},
 isbn = {0-201-63361-2},
 publisher = {Addison-Wesley Longman Publishing Co., Inc.},
 address = {Boston, MA, USA},
} 

@book{Beck2002,
 author = {Kent Beck},
 title = {{Test Driven Development: By Example}},
 year = {2002},
 isbn = {0321146530},
 publisher = {Addison-Wesley Longman Publishing Co., Inc.},
 address = {Boston, MA, USA},
} 

@INPROCEEDINGS{Tan2004, 
author={L. Tan and O. Sokolsky and I. Lee}, 
booktitle={Proceedings of the IEEE International Conference on Information Reuse and Integration}, series = {IRI '04}, 
title={{Specification-based testing with linear temporal logic}}, 
year={2004}, 
volume={}, 
number={}, 
pages={493-498}, 
doi={10.1109/IRI.2004.1431509}, 
ISSN={}, 
month={Nov},
}

@book{Beizer1990,
 author = {Boris Beizer},
 title = {{Software Testing Techniques (2Nd Ed.)}},
 year = {1990},
 isbn = {0-442-20672-0},
 publisher = {Van Nostrand Reinhold Co.},
 address = {New York, NY, USA},
} 

@article{Ferguson1996,
 author = {Roger Ferguson  and Bogdan Korel},
 title = {{The Chaining Approach for Software Test Data Generation}},
 journal = {ACM Transactions on Software Engineering Methodologies},
 issue_date = {Jan. 1996},
 volume = {5},
 number = {1},
 month = jan,
 year = {1996},
 issn = {1049-331X},
 pages = {63--86},
 numpages = {24},
 url = {http://doi.acm.org/10.1145/226155.226158},
 doi = {10.1145/226155.226158},
 acmid = {226158},
 publisher = {ACM},
 address = {New York, NY, USA},
} 

@Comment{jabref-meta: databaseType:bibtex;}
